@article{ontology,
    title = {An Ontology-based Context-aware System for Smart Homes: E-care@home},
    volume = {17},
    DOI = {10.3390/s17071586},
    number = {7},
    journal = {Sensors},
    author = {Alirezaie, Marjan and Renoux, Jennifer and K�ckemann, Uwe and Kristoffersson, Annica and Karlsson, Lars and Blomqvist, Eva and Tsiftes, Nicolas and Voigt, Thiemo and Loutfi, Amy},
    year = {2017},
    pages = {1586}
},

@article{policy,
    title = {Policy Conflict Resolution in IoT via Planning},
    DOI = {10.1007/978-3-319-57351-9_22},
    journal = {Advances in Artificial Intelligence},
    author = {Goynugur, Emre and Bernardini, Sara and de Mel, Geeth and Talamadupula, Kartik and Sensoy, Murat},
    year = {2017},
    pages = {169-175}
},

@misc{adaptive,
    title = {Machine Learning Based Adaptive Context-Aware System for Smart Home Environment},
    author = {Kabir, M. Humayun and Hoque, M. Robiul and Seo, Hyungyu and Yang, Sung-Hyun},
    year = {2017}
},

@article{khan,
    title = {Is 'Context-Aware Reasoning = Case-Based Reasoning'?},
    DOI = {10.1007/978-3-319-57837-8_35},
    journal = {Modeling and Using Context},
    author = {Khan, Nawaz and Alegre, Unai and Kramer, Dean and Augusto, Juan Carlos},
    year = {2017},
    pages = {418-431}
},

@misc{ken,
    title = {Improved Multi-user Interaction in a Smart Environment Through a Preference-Based Conflict Resolution Virtual Assistant - IEEE Conference Publication},
    url = {http://ieeexplore.ieee.org/document/8114654/},
    journal = {Ieeexplore.ieee.org},
    author = {Nurgaliyev, Kenzhegali and Di Mauro, Dario and Khan, Nawaz},
    year = {2017}
},

@article{leo1,
    title = {A survey on managing users` preferences in ambient intelligence},
    DOI = {10.1007/s10209-017-0527-y},
    journal = {Universal Access in the Information Society},
    author = {Oguego, C. L. and Augusto, J. C. and Mu�oz, A. and Springett, M.},
    year = {2017}
},

@article{leo2,
    title = {Using argumentation to manage users` preferences},
    volume = {81},
    DOI = {10.1016/j.future.2017.09.040},
    journal = {Future Generation Computer Systems},
    author = {Oguego, C.L. and Augusto, J.C. and Mu�oz, A. and Springett, M.},
    year = {2017},
    pages = {235-243}
},

@misc{ospan_2017,
    title = {Simulation of a Simple Bio-Mimetic Robot with Neuromorphic Control System and Optimization Based on the Genetic Algorithm},
    url = {http://ijiet.com/wp-content/uploads/2017/09/9.pdf},
    author = {Ospan, Bauyrzhan},
    year = {2017}
},

@misc{Mahalanobis,
    title = {Distance Metric Learning for Large Margin Nearest Neighbor Classification},
    url = {http://www.jmlr.org/papers/v10/weinberger09a.html},
    journal = {Jmlr.org},
    author = {Weinberger, Kilian Q. and Saul, Lawrence K.},
    year = {2017}
}